%% This BibTeX bibliography file was created using BibDesk.
%% http://bibdesk.sourceforge.net/


%% Created for Lihong Ma at 2013-06-14 10:08:30 +0200 


%% Saved with string encoding Westeuropäisch (Windows Latin 1) 

@misc{mingo,
	author = {Moln\'{a}r, I.},
	title = {This is the CFS scheduler},
	howpublished = {\url{http://people.redhat.com/mingo/cfs-scheduler/sched-design-CFS.txt}},
	month = {05},
	year = {2007}
	}

@misc{mjones,
	author = {Jones, M.},
	title = {Inside the Linux 2.6 Completely Fair Scheduler},
	howpublished = {\url{https://www.ibm.com/developerworks/library/l-completely-fair-scheduler/}},
	month = {12},
	year = {2009}
	}

@misc{rtoal,
	author = {Ray Toal},
	title = {Red Black Trees},
	howpublished = {\url{http://cs.lmu.edu/~ray/notes/redblacktrees/}},
}

@book{tcormen,
	author = {Thomas H. Cormen, Charles E. Leiserson},
	title = {Algorithmen - Eine Einf{\"u}hrung},
	publisher = {Oldenbourg Wissenschaftsverlag GmbH},
	year = {2013},
	isbn = {978-3-486-74861-1},
	note = {{ISBN:} 978-3-486-74861-1}
}
